<?xml version="1.0" encoding="UTF-8"?><collection xmlns="http://www.loc.gov/MARC21/slim"><record><leader>00514nam--2200181-i-4500</leader><controlfield tag="001">000023624</controlfield><controlfield tag="002">20161230</controlfield><controlfield tag="005">20161230201035</controlfield><controlfield tag="008">060222s1000------------r-----000-0-fre-d</controlfield><datafield ind1=" " ind2=" " tag="040"><subfield code="a">IFIN-HH</subfield></datafield><datafield ind1=" " ind2=" " tag="041"><subfield code="a">fre</subfield></datafield><datafield ind1=" " ind2=" " tag="080"><subfield code="a">539.12.04(063)</subfield></datafield><datafield ind1="1" ind2=" " tag="100"><subfield code="a">Alamo, Ana</subfield></datafield><datafield ind1="1" ind2="0" tag="245"><subfield code="a">Etude par resistivite electrique des defauts d'irradiation dnas les alliages or-cuivre</subfield><subfield code="b">These</subfield><subfield code="c">Ana alamo</subfield></datafield><datafield ind1=" " ind2=" " tag="260"><subfield code="a">Paris</subfield><subfield code="b">Universite Paris-sud</subfield><subfield code="c">1983</subfield></datafield><datafield ind1=" " ind2=" " tag="300"><subfield code="a">190P</subfield></datafield><datafield ind1=" " ind2=" " tag="852"><subfield code="a">71855</subfield><subfield code="c">539.12.04</subfield></datafield><datafield ind1=" " ind2=" " tag="CAT"><subfield code="a">Sys</subfield><subfield code="c">20120221</subfield><subfield code="h">164532</subfield></datafield></record></collection>